@article{halko2011finding,
  title={Finding structure with randomness: Probabilistic algorithms for constructing approximate matrix decompositions},
  author={Halko, Nathan and Martinsson, Per-Gunnar and Tropp, Joel A},
  journal={SIAM review},
  volume={53},
  number={2},
  pages={217--288},
  year={2011},
  publisher={SIAM}
}

@article{drineas2006fast,
  title={Fast Monte Carlo algorithms for matrices II: Computing a low-rank approximation to a matrix},
  author={Drineas, Petros and Kannan, Ravi and Mahoney, Michael W},
  journal={SIAM Journal on computing},
  volume={36},
  number={1},
  pages={158--183},
  year={2006},
  publisher={SIAM}
}
@article{mazumder2010spectral,
  title={Spectral regularization algorithms for learning large incomplete matrices},
  author={Mazumder, Rahul and Hastie, Trevor and Tibshirani, Robert},
  journal={Journal of machine learning research},
  volume={11},
  number={Aug},
  pages={2287--2322},
  year={2010}
}
@article{candes2009exact,
  title={Exact matrix completion via convex optimization},
  author={Cand{\`e}s, Emmanuel J and Recht, Benjamin},
  journal={Foundations of Computational mathematics},
  volume={9},
  number={6},
  pages={717},
  year={2009},
  publisher={Springer}
}
@article{yu2017single,
  title={Single-pass PCA of large high-dimensional data},
  author={Yu, Wenjian and Gu, Yu and Li, Jian and Liu, Shenghua and Li, Yaohang},
  journal={arXiv preprint arXiv:1704.07669},
  year={2017}
}