@incollection{NIPS2000_1861,
title = {Algorithms for Non-negative Matrix Factorization},
author = {Daniel D. Lee and Seung, H. Sebastian},
booktitle = {Advances in Neural Information Processing Systems 13},
editor = {T. K. Leen and T. G. Dietterich and V. Tresp},
pages = {556--562},
year = {2001},
publisher = {MIT Press},
url = {http://papers.nips.cc/paper/1861-algorithms-for-non-negative-matrix-factorization.pdf}
}

@ARTICLE{6795860,  
author={C. {Lin}},  
journal={Neural Computation},   
title={Projected Gradient Methods for Nonnegative Matrix Factorization},   
year={2007},  
volume={19},  
number={10},  
pages={2756-2779}
}


@article{liu1991efficient,
title={Efficient generalized conjugate gradient algorithms, part 1: Theory},
author={Liu, Y and Storey, C},
journal={Journal of Optimization Theory and Applications},
volume={69},
number={1},
pages={129--137},
year={1991}
}

@article{hu1991efficient,
title={Efficient generalized conjugate gradient algorithms, part: implementation},
author={Hu, Yifan and Storey, C},
journal={Journal of Optimization Theory and Applications},
volume={69},
number={1},
pages={139--152},
year={1991}
}

@inproceedings{greene06icml,
	Author = {Derek Greene and P\'{a}draig Cunningham},
	Booktitle = {Proc. 23rd International Conference on Machine learning (ICML'06)},
	Pages = {377--384},
	Publisher = {ACM Press},
	Title = {Practical Solutions to the Problem of Diagonal Dominance in Kernel Document Clustering},
	Year = {2006}
    }

@article{Raydan,
author = {Raydan, Marcos},
year = {1997},
month = {02},
pages = {},
title = {The Barzilai and Borwein Gradient Method for the Large Scale Unconstrained Minimization Problem},
volume = {7},
journal = {SIAM Journal on Optimization},
doi = {10.1137/S1052623494266365}
}
@article{Lixing,
author = {Han, Lixing and Neumann, Michael and Prasad, Upendra},
year = {2010},
month = {01},
pages = {54-82},
title = {Alternating projected Barzilai-Borwein methods for Nonnegative Matrix Factorization},
volume = {36},
journal = {Electronic transactions on numerical analysis ETNA}
}

@inproceedings{Sra,
author = {Sra, Suvrit and Dhillon, Inderjit},
year = {2007},
month = {04},
pages = {},
title = {Fast Newton-type Methods for the Least Squares Nonnegative Matrix Approximation Problem},
doi = {10.1137/1.9781611972771.31}
}

@article{10.1137/110821172,
author = {Kim, Jingu and Park, Haesun},
title = {Fast Nonnegative Matrix Factorization: An Active-Set-Like Method and Comparisons},
year = {2011},
issue_date = {November 2011},
publisher = {Society for Industrial and Applied Mathematics},
address = {USA},
volume = {33},
number = {6},
issn = {1064-8275},
url = {https://doi.org/10.1137/110821172},
doi = {10.1137/110821172},
journal = {SIAM J. Sci. Comput.},
month = nov,
pages = {3261â€“3281},
numpages = {21},
keywords = {dimension reduction, active set method, nonnegativity-constrained least squares, lower rank approximation, nonnegative matrix factorization, block principal pivoting method}
}
  
