@article{friedman2008sparse,
title={Sparse inverse covariance estimation with the graphical lasso},
author={Friedman, Jerome H and Hastie, Trevor and Tibshirani, Robert},
journal={Biostatistics},
volume={9},
number={3},
pages={432--441},
year={2008}
}

@article{article,
author = {Yin, Wotao and Darbon, Jerome and Goldfarb, Donald and Osher, Stanley},
year = {2007},
month = {10},
pages = {},
title = {The Bregman Iterative Algorithm for l1-Minimization}
}

@article{beck2009a,
title={A Fast Iterative Shrinkage-Thresholding Algorithm for Linear Inverse Problems},
author={Beck, Amir and Teboulle, Marc},
journal={Siam Journal on Imaging Sciences},
volume={2},
number={1},
pages={183--202},
year={2009}
}
    
@article{yang2011alternating,
  title={Alternating direction algorithms for $\backslash$ell\_1-problems in compressive sensing},
  author={Yang, Junfeng and Zhang, Yin},
  journal={SIAM journal on scientific computing},
  volume={33},
  number={1},
  pages={250--278},
  year={2011},
  publisher={SIAM}
}
@article{cai2009linearized,
  title={Linearized Bregman iterations for compressed sensing},
  author={Cai, Jian-Feng and Osher, Stanley and Shen, Zuowei},
  journal={Mathematics of Computation},
  volume={78},
  number={267},
  pages={1515--1536},
  year={2009}
}

@article{wen2010fast,
  title={A fast algorithm for sparse reconstruction based on shrinkage, subspace optimization, and continuation},
  author={Wen, Zaiwen and Yin, Wotao and Goldfarb, Donald and Zhang, Yin},
  journal={SIAM Journal on Scientific Computing},
  volume={32},
  number={4},
  pages={1832--1857},
  year={2010},
  publisher={SIAM}
}
@inproceedings{yuan2013linearized,
  title={A linearized Bregman algorithm for decentralized basis pursuit},
  author={Yuan, Kun and Ling, Qing and Yin, Wotao and Ribeiro, Alejandro},
  booktitle={21st European Signal Processing Conference (EUSIPCO 2013)},
  pages={1--5},
  year={2013},
  organization={IEEE}
}

@article{wang2020efficient,
  title={An efficient ADMM algorithm for high dimensional precision matrix estimation via penalized quadratic loss},
  author={Wang, Cheng and Jiang, Binyan},
  journal={Computational Statistics \& Data Analysis},
  volume={142},
  pages={106812},
  year={2020},
  publisher={Elsevier}
}

@article{cai2011constrained,
  title={A constrained ell\_1 minimization approach to sparse precision matrix estimation},
  author={Cai, Tony and Liu, Weidong and Luo, Xi},
  journal={Journal of the American Statistical Association},
  volume={106},
  number={494},
  pages={594--607},
  year={2011},
  publisher={Taylor \& Francis}
}

@article{toh1999sdpt3,
  title={SDPT3â€”a MATLAB software package for semidefinite programming, version 1.3},
  author={Toh, Kim-Chuan and Todd, Michael J and T{\"u}t{\"u}nc{\"u}, Reha H},
  journal={Optimization methods and software},
  volume={11},
  number={1-4},
  pages={545--581},
  year={1999},
  publisher={Taylor \& Francis}
}

@article{cai2010optimal,
  title={Optimal rates of convergence for covariance matrix estimation},
  author={Cai, T Tony and Zhang, Cun-Hui and Zhou, Harrison H and others},
  journal={The Annals of Statistics},
  volume={38},
  number={4},
  pages={2118--2144},
  year={2010},
  publisher={Institute of Mathematical Statistics}
}
@article{zhang2014sparse,
  title={Sparse precision matrix estimation via lasso penalized D-trace loss},
  author={Zhang, Teng and Zou, Hui},
  journal={Biometrika},
  volume={101},
  number={1},
  pages={103--120},
  year={2014},
  publisher={Oxford University Press}
}

@article{yin2013error,
  title={Error forgetting of Bregman iteration},
  author={Yin, Wotao and Osher, Stanley},
  journal={Journal of Scientific Computing},
  volume={54},
  number={2-3},
  pages={684--695},
  year={2013},
  publisher={Springer}
}