@article{barzilai1988two,
  title={Two-point step size gradient methods},
  author={Barzilai, Jonathan and Borwein, Jonathan M},
  journal={IMA journal of numerical analysis},
  volume={8},
  number={1},
  pages={141--148},
  year={1988},
  publisher={Oxford University Press}
}

@inproceedings{tan2016barzilai,
  title={Barzilai-borwein step size for stochastic gradient descent},
  author={Tan, Conghui and Ma, Shiqian and Dai, Yu-Hong and Qian, Yuqiu},
  booktitle={Advances in Neural Information Processing Systems},
  pages={685--693},
  year={2016}
}

@article{kingma2014adam,
  title={Adam: A method for stochastic optimization},
  author={Kingma, Diederik P and Ba, Jimmy},
  journal={arXiv preprint arXiv:1412.6980},
  year={2014}
}

@article{duchi2011adaptive,
  title={Adaptive subgradient methods for online learning and stochastic optimization},
  author={Duchi, John and Hazan, Elad and Singer, Yoram},
  journal={Journal of machine learning research},
  volume={12},
  number={Jul},
  pages={2121--2159},
  year={2011}
}

@article{lecun1998gradient,
  title={Gradient-based learning applied to document recognition},
  author={LeCun, Yann and Bottou, L{\'e}on and Bengio, Yoshua and Haffner, Patrick},
  journal={Proceedings of the IEEE},
  volume={86},
  number={11},
  pages={2278--2324},
  year={1998},
  publisher={Ieee}
}
@article{blackard2000comparison,
  title={Comparison of neural networks and discriminant analysis in predicting forest cover types.},
  author={Blackard, Jock A},
  year={2000}
}