@article{candes2015phase,
  title={Phase retrieval via Wirtinger flow: Theory and algorithms},
  author={Candes, Emmanuel J and Li, Xiaodong and Soltanolkotabi, Mahdi},
  journal={IEEE Transactions on Information Theory},
  volume={61},
  number={4},
  pages={1985--2007},
  year={2015},
  publisher={IEEE}
}

@article{candes2013phase,
title={Phase Retrieval via Matrix Completion},
author={Candes, Emmanuel J and Eldar, Yonina C and Strohmer, Thomas and Voroninski, Vladislav},
journal={Siam Journal on Imaging Sciences},
volume={6},
number={1},
pages={199--225},
year={2013}
}
    