@article{Jones1993MulticommodityNF,
  title={Multicommodity network flows: The impact of formulation on decomposition},
  author={Kim L. Jones and Irvin Lustig and Judith M. Farvolden and Warren B. Powell},
  journal={Mathematical Programming},
  year={1993},
  volume={62},
  pages={95-117}
}
@article{dantzig1960decomposition,
title={Decomposition Principle for Linear Programs},
author={Dantzig, George B and Wolfe, Philip},
journal={Operations Research},
volume={8},
number={1},
pages={101--111},
year={1960}}
    